@inproceedings{Girshick2015FastR,
  title  = {Fast R-CNN},
  author = {Ross B. Girshick},
  year   = {2015},
  url    = {https://api.semanticscholar.org/CorpusID:206770307}
}

@article{Girshick2013RichFH,
  title   = {Rich Feature Hierarchies for Accurate Object Detection and Semantic Segmentation},
  author  = {Ross B. Girshick and Jeff Donahue and Trevor Darrell and Jitendra Malik},
  journal = {2014 IEEE Conference on Computer Vision and Pattern Recognition},
  year    = {2013},
  pages   = {580-587},
  url     = {https://api.semanticscholar.org/CorpusID:215827080}
}

@article{Ren2015FasterRT,
  title   = {Faster R-CNN: Towards Real-Time Object Detection with Region Proposal Networks},
  author  = {Shaoqing Ren and Kaiming He and Ross B. Girshick and Jian Sun},
  journal = {IEEE Transactions on Pattern Analysis and Machine Intelligence},
  year    = {2015},
  volume  = {39},
  pages   = {1137-1149},
  url     = {https://api.semanticscholar.org/CorpusID:10328909}
}

@article{Le2019AnabranchNF,
  title   = {Anabranch network for camouflaged object segmentation},
  author  = {Trung-Nghia Le and Tam V. Nguyen and Zhongliang Nie and Minh-Triet Tran and Akihiro Sugimoto},
  journal = {Comput. Vis. Image Underst.},
  year    = {2019},
  volume  = {184},
  pages   = {45-56},
  url     = {https://api.semanticscholar.org/CorpusID:155722519}
}

@article{Shelhamer2014FullyCN,
  title   = {Fully convolutional networks for semantic segmentation},
  author  = {Evan Shelhamer and Jonathan Long and Trevor Darrell},
  journal = {2015 IEEE Conference on Computer Vision and Pattern Recognition (CVPR)},
  year    = {2014},
  pages   = {3431-3440},
  url     = {https://api.semanticscholar.org/CorpusID:1629541}
}

@article{Fan2020CamouflagedOD,
  title   = {Camouflaged Object Detection},
  author  = {Deng-Ping Fan and Ge-Peng Ji and Guolei Sun and Ming-Ming Cheng and Jianbing Shen and Ling Shao},
  journal = {2020 IEEE/CVF Conference on Computer Vision and Pattern Recognition (CVPR)},
  year    = {2020},
  pages   = {2774-2784},
  url     = {https://api.semanticscholar.org/CorpusID:219963808}
}

@article{Otsu1979ATS,
  title   = {A Threshold Selection Method from Gray-Level Histograms},
  author  = {Nobuyuki Otsu},
  journal = {IEEE Trans. Syst. Man Cybern.},
  year    = {1979},
  volume  = {9},
  pages   = {62-66},
  url     = {https://api.semanticscholar.org/CorpusID:15326934}
}

@article{Nock2004StatisticalRM,
  title   = {Statistical region merging},
  author  = {Richard Nock and Frank Nielsen},
  journal = {IEEE Transactions on Pattern Analysis and Machine Intelligence},
  year    = {2004},
  volume  = {26},
  pages   = {1452-1458},
  url     = {https://api.semanticscholar.org/CorpusID:595377}
}

@article{Dhanachandra2015ImageSU,
  title   = {Image Segmentation Using K -means Clustering Algorithm and Subtractive Clustering Algorithm},
  author  = {Nameirakpam Dhanachandra and Khumanthem Manglem and Yambem Jina Chanu},
  journal = {Procedia Computer Science},
  year    = {2015},
  volume  = {54},
  pages   = {764-771},
  url     = {https://api.semanticscholar.org/CorpusID:61066084}
}

@article{Najman1994WatershedOA,
  title   = {Watershed of a continuous function},
  author  = {Laurent Najman and Michel Schmitt},
  journal = {Signal Process.},
  year    = {1994},
  volume  = {38},
  pages   = {99-112},
  url     = {https://api.semanticscholar.org/CorpusID:37255712}
}

@article{Arbelez2014MultiscaleCG,
  title   = {Multiscale Combinatorial Grouping},
  author  = {Pablo Arbel{\'a}ez and Jordi Pont-Tuset and Jonathan T. Barron and Ferran Marqu{\'e}s and Jitendra Malik},
  journal = {2014 IEEE Conference on Computer Vision and Pattern Recognition},
  year    = {2014},
  pages   = {328-335},
  url     = {https://api.semanticscholar.org/CorpusID:4517687}
}

@article{Uijlings2013SelectiveSF,
  title   = {Selective Search for Object Recognition},
  author  = {Jasper R. R. Uijlings and Koen E. A. van de Sande and Theo Gevers and Arnold W. M. Smeulders},
  journal = {International Journal of Computer Vision},
  year    = {2013},
  volume  = {104},
  pages   = {154 - 171},
  url     = {https://api.semanticscholar.org/CorpusID:216077384}
}

@article{Mostajabi2014FeedforwardSS,
  title   = {Feedforward semantic segmentation with zoom-out features},
  author  = {Mohammadreza Mostajabi and Payman Yadollahpour and Gregory Shakhnarovich},
  journal = {2015 IEEE Conference on Computer Vision and Pattern Recognition (CVPR)},
  year    = {2014},
  pages   = {3376-3385},
  url     = {https://api.semanticscholar.org/CorpusID:215824593}
}

@article{Chen2016DeepLabSI,
  title   = {DeepLab: Semantic Image Segmentation with Deep Convolutional Nets, Atrous Convolution, and Fully Connected CRFs},
  author  = {Liang-Chieh Chen and George Papandreou and Iasonas Kokkinos and Kevin P. Murphy and Alan Loddon Yuille},
  journal = {IEEE Transactions on Pattern Analysis and Machine Intelligence},
  year    = {2016},
  volume  = {40},
  pages   = {834-848},
  url     = {https://api.semanticscholar.org/CorpusID:3429309}
}

